<?xml version="1.0" encoding="UTF-8"?><collection xmlns="http://www.loc.gov/MARC21/slim"><record><leader>00368nam--2200109-i-4500</leader><controlfield tag="001">000018578</controlfield><controlfield tag="002">20161230</controlfield><controlfield tag="005">20161230201032</controlfield><controlfield tag="008">060222s1000------------r-----000-0-eng-d</controlfield><datafield ind1=" " ind2=" " tag="245"><subfield code="a">Deuxieme congres de l association francaise de calcul et de traitement de l information afcalti, paris , 18-20 oct.1961</subfield></datafield><datafield ind1=" " ind2=" " tag="260"><subfield code="a">Paris, Gauthier-villars Et C-ie, 1962. 523 P</subfield></datafield><datafield ind1=" " ind2=" " tag="852"><subfield code="a">18624</subfield></datafield></record></collection>